%YAML 1.1
%TAG !u! tag:unity3d.com,2011:
--- !u!114 &7657037945466592068
MonoBehaviour:
  m_ObjectHideFlags: 0
  m_CorrespondingSourceObject: {fileID: 0}
  m_PrefabInstance: {fileID: 0}
  m_PrefabAsset: {fileID: 0}
  m_GameObject: {fileID: 7657037944106456464}
  m_Enabled: 1
  m_EditorHideFlags: 0
  m_Script: {fileID: 11500000, guid: 06c52c07402f7274cab64e484b1bddc9, type: 3}
  m_Name: 
  m_EditorClassIdentifier: 
  playerIndex: 0
  mirroredMovement: 1
  verticalMovement: 0
  externalRootMotion: 0
  externalHeadRotation: 0
  externalHandRotations: 0
  fingerOrientations: 0
  moveRate: 1
  smoothFactor: 10
  offsetNode: {fileID: 0}
  posRelativeToCamera: {fileID: 0}
  posRelOverlayColor: 0
  backgroundPlane: {fileID: 0}
  posRelInvertedZ: 0
  groundedFeet: 0
  applyMuscleLimits: 0
  flipLeftRight: 0
  horizontalOffset: 0
  verticalOffset: 0
  forwardOffset: 0
--- !u!1 &7657037944248605640
GameObject:
  m_ObjectHideFlags: 0
  m_CorrespondingSourceObject: {fileID: 0}
  m_PrefabInstance: {fileID: 0}
  m_PrefabAsset: {fileID: 0}
  serializedVersion: 6
  m_Component:
  - component: {fileID: 7657037944248605647}
  m_Layer: 0
  m_Name: Target
  m_TagString: Untagged
  m_Icon: {fileID: 0}
  m_NavMeshLayer: 0
  m_StaticEditorFlags: 0
  m_IsActive: 1
--- !u!4 &7657037944248605647
Transform:
  m_ObjectHideFlags: 0
  m_CorrespondingSourceObject: {fileID: 0}
  m_PrefabInstance: {fileID: 0}
  m_PrefabAsset: {fileID: 0}
  m_GameObject: {fileID: 7657037944248605640}
  m_LocalRotation: {x: 0, y: 0, z: 0, w: 1}
  m_LocalPosition: {x: -0.74, y: 2.18, z: 2.859}
  m_LocalScale: {x: 1, y: 1, z: 1}
  m_Children: []
  m_Father: {fileID: 7657037944276403885}
  m_RootOrder: 0
  m_LocalEulerAnglesHint: {x: 0, y: 0, z: 0}
--- !u!1 &7657037944276403880
GameObject:
  m_ObjectHideFlags: 0
  m_CorrespondingSourceObject: {fileID: 0}
  m_PrefabInstance: {fileID: 0}
  m_PrefabAsset: {fileID: 0}
  serializedVersion: 6
  m_Component:
  - component: {fileID: 7657037944276403885}
  - component: {fileID: 7657037944276403887}
  - component: {fileID: 7657037944276403886}
  m_Layer: 0
  m_Name: KinectIntergration 1
  m_TagString: Untagged
  m_Icon: {fileID: 0}
  m_NavMeshLayer: 0
  m_StaticEditorFlags: 0
  m_IsActive: 1
--- !u!4 &7657037944276403885
Transform:
  m_ObjectHideFlags: 0
  m_CorrespondingSourceObject: {fileID: 0}
  m_PrefabInstance: {fileID: 0}
  m_PrefabAsset: {fileID: 0}
  m_GameObject: {fileID: 7657037944276403880}
  m_LocalRotation: {x: 0, y: 0, z: 0, w: 1}
  m_LocalPosition: {x: 0, y: 0, z: 0}
  m_LocalScale: {x: 1, y: 1, z: 1}
  m_Children:
  - {fileID: 7657037944248605647}
  - {fileID: 7657037944106027504}
  - {fileID: 7657037946132882699}
  m_Father: {fileID: 0}
  m_RootOrder: 0
  m_LocalEulerAnglesHint: {x: 0, y: 0, z: 0}
--- !u!114 &7657037944276403887
MonoBehaviour:
  m_ObjectHideFlags: 0
  m_CorrespondingSourceObject: {fileID: 0}
  m_PrefabInstance: {fileID: 0}
  m_PrefabAsset: {fileID: 0}
  m_GameObject: {fileID: 7657037944276403880}
  m_Enabled: 1
  m_EditorHideFlags: 0
  m_Script: {fileID: 11500000, guid: 6b531f336dfee5f438f94ed501caefc7, type: 3}
  m_Name: 
  m_EditorClassIdentifier: 
  sensorHeight: 1
  sensorAngle: 0
  autoHeightAngle: 0
  computeUserMap: 3
  computeColorMap: 0
  computeInfraredMap: 0
  displayUserMap: 1
  displayColorMap: 1
  displaySkeletonLines: 1
  DisplayMapsWidthPercent: 20
  useMultiSourceReader: 0
  minUserDistance: 0.5
  maxUserDistance: 0
  maxLeftRightDistance: 0
  maxTrackedUsers: 6
  showTrackedUsersOnly: 1
  userDetectionOrder: 0
  ignoreInferredJoints: 1
  ignoreZCoordinates: 0
  lateUpdateAvatars: 0
  skipRemoteAvatars: 0
  smoothing: 1
  useBoneOrientationConstraints: 0
  estimateJointVelocities: 0
  velocitySmoothing: 2
  allowTurnArounds: 0
  allowedHandRotations: 1
  waitTimeBeforeRemove: 1
  avatarControllers:
  - {fileID: 7657037945466592068}
  playerCalibrationPose: 0
  playerCommonGestures: 
  minTimeBetweenGestures: 0.7
  gestureManager: {fileID: 0}
  gestureListeners: []
  calibrationText: {fileID: 0}
  gesturesDebugText: {fileID: 0}
--- !u!114 &7657037944276403886
MonoBehaviour:
  m_ObjectHideFlags: 0
  m_CorrespondingSourceObject: {fileID: 0}
  m_PrefabInstance: {fileID: 0}
  m_PrefabAsset: {fileID: 0}
  m_GameObject: {fileID: 7657037944276403880}
  m_Enabled: 1
  m_EditorHideFlags: 0
  m_Script: {fileID: 11500000, guid: 87d16b078f8213345938fa0378280e2b, type: 3}
  m_Name: 
  m_EditorClassIdentifier: 
  manager: {fileID: 7657037944276403887}
  headPos: {x: 0, y: 0, z: 0}
  cam: {fileID: 0}
  multiply: 1.5
  target: {fileID: 0}
  sensorOffset: {x: 0, y: -0.82, z: 2.48}
  dad: {fileID: 0}
--- !u!1 &7657037946132882694
GameObject:
  m_ObjectHideFlags: 0
  m_CorrespondingSourceObject: {fileID: 0}
  m_PrefabInstance: {fileID: 0}
  m_PrefabAsset: {fileID: 0}
  serializedVersion: 6
  m_Component:
  - component: {fileID: 7657037946132882699}
  - component: {fileID: 7657037946132882692}
  - component: {fileID: 7657037946132882693}
  m_Layer: 0
  m_Name: Body
  m_TagString: Untagged
  m_Icon: {fileID: 0}
  m_NavMeshLayer: 0
  m_StaticEditorFlags: 0
  m_IsActive: 0
--- !u!4 &7657037946132882699
Transform:
  m_ObjectHideFlags: 0
  m_CorrespondingSourceObject: {fileID: 0}
  m_PrefabInstance: {fileID: 0}
  m_PrefabAsset: {fileID: 0}
  m_GameObject: {fileID: 7657037946132882694}
  m_LocalRotation: {x: 0, y: 0, z: 0, w: 1}
  m_LocalPosition: {x: 0, y: 0, z: 0}
  m_LocalScale: {x: 1, y: 1, z: 1}
  m_Children: []
  m_Father: {fileID: 7657037944276403885}
  m_RootOrder: 2
  m_LocalEulerAnglesHint: {x: 0, y: 0, z: 0}
--- !u!95 &7657037946132882692
Animator:
  serializedVersion: 3
  m_ObjectHideFlags: 0
  m_CorrespondingSourceObject: {fileID: 0}
  m_PrefabInstance: {fileID: 0}
  m_PrefabAsset: {fileID: 0}
  m_GameObject: {fileID: 7657037946132882694}
  m_Enabled: 1
  m_Avatar: {fileID: 0}
  m_Controller: {fileID: 0}
  m_CullingMode: 0
  m_UpdateMode: 0
  m_ApplyRootMotion: 0
  m_LinearVelocityBlending: 0
  m_WarningMessage: 
  m_HasTransformHierarchy: 1
  m_AllowConstantClipSamplingOptimization: 1
  m_KeepAnimatorControllerStateOnDisable: 0
--- !u!114 &7657037946132882693
MonoBehaviour:
  m_ObjectHideFlags: 0
  m_CorrespondingSourceObject: {fileID: 0}
  m_PrefabInstance: {fileID: 0}
  m_PrefabAsset: {fileID: 0}
  m_GameObject: {fileID: 7657037946132882694}
  m_Enabled: 1
  m_EditorHideFlags: 0
  m_Script: {fileID: 11500000, guid: 06c52c07402f7274cab64e484b1bddc9, type: 3}
  m_Name: 
  m_EditorClassIdentifier: 
  playerIndex: 0
  mirroredMovement: 0
  verticalMovement: 0
  externalRootMotion: 0
  externalHeadRotation: 0
  externalHandRotations: 0
  fingerOrientations: 0
  moveRate: 1
  smoothFactor: 10
  offsetNode: {fileID: 0}
  posRelativeToCamera: {fileID: 0}
  posRelOverlayColor: 0
  backgroundPlane: {fileID: 0}
  posRelInvertedZ: 0
  groundedFeet: 0
  applyMuscleLimits: 0
  flipLeftRight: 0
  horizontalOffset: 0
  verticalOffset: 0
  forwardOffset: 0
--- !u!1001 &7657037944106422976
PrefabInstance:
  m_ObjectHideFlags: 0
  serializedVersion: 2
  m_Modification:
    m_TransformParent: {fileID: 7657037944276403885}
    m_Modifications:
    - target: {fileID: 100176, guid: ae23d50304c93b9418b65cec8f9fe954, type: 3}
      propertyPath: m_Name
      value: U_Character_REF
      objectReference: {fileID: 0}
    - target: {fileID: 400176, guid: ae23d50304c93b9418b65cec8f9fe954, type: 3}
      propertyPath: m_RootOrder
      value: 1
      objectReference: {fileID: 0}
    - target: {fileID: 400176, guid: ae23d50304c93b9418b65cec8f9fe954, type: 3}
      propertyPath: m_LocalPosition.x
      value: 0
      objectReference: {fileID: 0}
    - target: {fileID: 400176, guid: ae23d50304c93b9418b65cec8f9fe954, type: 3}
      propertyPath: m_LocalPosition.y
      value: 0
      objectReference: {fileID: 0}
    - target: {fileID: 400176, guid: ae23d50304c93b9418b65cec8f9fe954, type: 3}
      propertyPath: m_LocalPosition.z
      value: 0
      objectReference: {fileID: 0}
    - target: {fileID: 400176, guid: ae23d50304c93b9418b65cec8f9fe954, type: 3}
      propertyPath: m_LocalRotation.w
      value: 1
      objectReference: {fileID: 0}
    - target: {fileID: 400176, guid: ae23d50304c93b9418b65cec8f9fe954, type: 3}
      propertyPath: m_LocalRotation.x
      value: 0
      objectReference: {fileID: 0}
    - target: {fileID: 400176, guid: ae23d50304c93b9418b65cec8f9fe954, type: 3}
      propertyPath: m_LocalRotation.y
      value: 0
      objectReference: {fileID: 0}
    - target: {fileID: 400176, guid: ae23d50304c93b9418b65cec8f9fe954, type: 3}
      propertyPath: m_LocalRotation.z
      value: 0
      objectReference: {fileID: 0}
    - target: {fileID: 400176, guid: ae23d50304c93b9418b65cec8f9fe954, type: 3}
      propertyPath: m_LocalEulerAnglesHint.x
      value: 0
      objectReference: {fileID: 0}
    - target: {fileID: 400176, guid: ae23d50304c93b9418b65cec8f9fe954, type: 3}
      propertyPath: m_LocalEulerAnglesHint.y
      value: 0
      objectReference: {fileID: 0}
    - target: {fileID: 400176, guid: ae23d50304c93b9418b65cec8f9fe954, type: 3}
      propertyPath: m_LocalEulerAnglesHint.z
      value: 0
      objectReference: {fileID: 0}
    - target: {fileID: 13700000, guid: ae23d50304c93b9418b65cec8f9fe954, type: 3}
      propertyPath: m_Materials.Array.size
      value: 0
      objectReference: {fileID: 0}
    - target: {fileID: 13700000, guid: ae23d50304c93b9418b65cec8f9fe954, type: 3}
      propertyPath: m_Materials.Array.data[0]
      value: 
      objectReference: {fileID: 0}
    - target: {fileID: 13700000, guid: ae23d50304c93b9418b65cec8f9fe954, type: 3}
      propertyPath: m_Materials.Array.data[1]
      value: 
      objectReference: {fileID: 0}
    - target: {fileID: 13700002, guid: ae23d50304c93b9418b65cec8f9fe954, type: 3}
      propertyPath: m_Enabled
      value: 1
      objectReference: {fileID: 0}
    - target: {fileID: 13700002, guid: ae23d50304c93b9418b65cec8f9fe954, type: 3}
      propertyPath: m_Materials.Array.size
      value: 0
      objectReference: {fileID: 0}
    - target: {fileID: 13700002, guid: ae23d50304c93b9418b65cec8f9fe954, type: 3}
      propertyPath: m_Materials.Array.data[0]
      value: 
      objectReference: {fileID: 0}
    - target: {fileID: 13700004, guid: ae23d50304c93b9418b65cec8f9fe954, type: 3}
      propertyPath: m_Materials.Array.size
      value: 0
      objectReference: {fileID: 0}
    - target: {fileID: 13700004, guid: ae23d50304c93b9418b65cec8f9fe954, type: 3}
      propertyPath: m_Materials.Array.data[0]
      value: 
      objectReference: {fileID: 0}
    m_RemovedComponents: []
  m_SourcePrefab: {fileID: 100100000, guid: ae23d50304c93b9418b65cec8f9fe954, type: 3}
--- !u!1 &7657037944106456464 stripped
GameObject:
  m_CorrespondingSourceObject: {fileID: 100176, guid: ae23d50304c93b9418b65cec8f9fe954,
    type: 3}
  m_PrefabInstance: {fileID: 7657037944106422976}
  m_PrefabAsset: {fileID: 0}
--- !u!4 &7657037944106027504 stripped
Transform:
  m_CorrespondingSourceObject: {fileID: 400176, guid: ae23d50304c93b9418b65cec8f9fe954,
    type: 3}
  m_PrefabInstance: {fileID: 7657037944106422976}
  m_PrefabAsset: {fileID: 0}
